%YAML 1.1
%TAG !u! tag:unity3d.com,2011:
--- !u!1 &3291431327766197098
GameObject:
  m_ObjectHideFlags: 0
  m_CorrespondingSourceObject: {fileID: 0}
  m_PrefabInstance: {fileID: 0}
  m_PrefabAsset: {fileID: 0}
  serializedVersion: 6
  m_Component:
  - component: {fileID: 279384516832126108}
  - component: {fileID: 2374272925481269298}
  m_Layer: 8
  m_Name: Bottom Collider
  m_TagString: Untagged
  m_Icon: {fileID: 0}
  m_NavMeshLayer: 0
  m_StaticEditorFlags: 0
  m_IsActive: 1
--- !u!4 &279384516832126108
Transform:
  m_ObjectHideFlags: 0
  m_CorrespondingSourceObject: {fileID: 0}
  m_PrefabInstance: {fileID: 0}
  m_PrefabAsset: {fileID: 0}
  m_GameObject: {fileID: 3291431327766197098}
  m_LocalRotation: {x: -0, y: -0, z: -0, w: 1}
  m_LocalPosition: {x: -0.07969266, y: 0.055000067, z: 0}
  m_LocalScale: {x: 0.22, y: 0.22, z: 1}
  m_Children: []
  m_Father: {fileID: 4632959010238533268}
  m_RootOrder: 1
  m_LocalEulerAnglesHint: {x: 0, y: 0, z: 0}
--- !u!61 &2374272925481269298
BoxCollider2D:
  m_ObjectHideFlags: 0
  m_CorrespondingSourceObject: {fileID: 0}
  m_PrefabInstance: {fileID: 0}
  m_PrefabAsset: {fileID: 0}
  m_GameObject: {fileID: 3291431327766197098}
  m_Enabled: 1
  m_Density: 1
  m_Material: {fileID: 0}
  m_IsTrigger: 0
  m_UsedByEffector: 0
  m_UsedByComposite: 0
  m_Offset: {x: 0, y: 0}
  m_SpriteTilingProperty:
    border: {x: 0, y: 0, z: 0, w: 0}
    pivot: {x: 0, y: 0}
    oldSize: {x: 0, y: 0}
    newSize: {x: 0, y: 0}
    adaptiveTilingThreshold: 0
    drawMode: 0
    adaptiveTiling: 0
  m_AutoTiling: 0
  serializedVersion: 2
  m_Size: {x: 4.56, y: 0.5}
  m_EdgeRadius: 0
--- !u!1 &4632959008939429138
GameObject:
  m_ObjectHideFlags: 0
  m_CorrespondingSourceObject: {fileID: 0}
  m_PrefabInstance: {fileID: 0}
  m_PrefabAsset: {fileID: 0}
  serializedVersion: 6
  m_Component:
  - component: {fileID: 4632959008939429141}
  - component: {fileID: 4632959008939429140}
  m_Layer: 10
  m_Name: View
  m_TagString: Untagged
  m_Icon: {fileID: 0}
  m_NavMeshLayer: 0
  m_StaticEditorFlags: 0
  m_IsActive: 1
--- !u!4 &4632959008939429141
Transform:
  m_ObjectHideFlags: 0
  m_CorrespondingSourceObject: {fileID: 0}
  m_PrefabInstance: {fileID: 0}
  m_PrefabAsset: {fileID: 0}
  m_GameObject: {fileID: 4632959008939429138}
  m_LocalRotation: {x: -0, y: -0, z: -0, w: 1}
  m_LocalPosition: {x: -0.07969266, y: 0, z: 0}
  m_LocalScale: {x: 1, y: 1, z: 1}
  m_Children:
  - {fileID: 9200917948920249860}
  - {fileID: 3154493132078350108}
  m_Father: {fileID: 4632959010238533268}
  m_RootOrder: 0
  m_LocalEulerAnglesHint: {x: 0, y: 0, z: 0}
--- !u!212 &4632959008939429140
SpriteRenderer:
  m_ObjectHideFlags: 0
  m_CorrespondingSourceObject: {fileID: 0}
  m_PrefabInstance: {fileID: 0}
  m_PrefabAsset: {fileID: 0}
  m_GameObject: {fileID: 4632959008939429138}
  m_Enabled: 1
  m_CastShadows: 0
  m_ReceiveShadows: 0
  m_DynamicOccludee: 1
  m_MotionVectors: 1
  m_LightProbeUsage: 1
  m_ReflectionProbeUsage: 1
  m_RenderingLayerMask: 1
  m_RendererPriority: 0
  m_Materials:
  - {fileID: 10754, guid: 0000000000000000f000000000000000, type: 0}
  m_StaticBatchInfo:
    firstSubMesh: 0
    subMeshCount: 0
  m_StaticBatchRoot: {fileID: 0}
  m_ProbeAnchor: {fileID: 0}
  m_LightProbeVolumeOverride: {fileID: 0}
  m_ScaleInLightmap: 1
  m_ReceiveGI: 1
  m_PreserveUVs: 0
  m_IgnoreNormalsForChartDetection: 0
  m_ImportantGI: 0
  m_StitchLightmapSeams: 0
  m_SelectedEditorRenderState: 0
  m_MinimumChartSize: 4
  m_AutoUVMaxDistance: 0.5
  m_AutoUVMaxAngle: 89
  m_LightmapParameters: {fileID: 0}
  m_SortingLayerID: 0
  m_SortingLayer: 0
  m_SortingOrder: 2
  m_Sprite: {fileID: 21300000, guid: f23a6f910071881478f39f06f7f2c83a, type: 3}
  m_Color: {r: 1, g: 1, b: 1, a: 1}
  m_FlipX: 0
  m_FlipY: 0
  m_DrawMode: 0
  m_Size: {x: 10.24, y: 10.24}
  m_AdaptiveModeThreshold: 0.5
  m_SpriteTileMode: 0
  m_WasSpriteAssigned: 0
  m_MaskInteraction: 0
  m_SpriteSortPoint: 0
--- !u!1 &4632959010238533269
GameObject:
  m_ObjectHideFlags: 0
  m_CorrespondingSourceObject: {fileID: 0}
  m_PrefabInstance: {fileID: 0}
  m_PrefabAsset: {fileID: 0}
  serializedVersion: 6
  m_Component:
  - component: {fileID: 4632959010238533268}
  - component: {fileID: 4632959010238533353}
  - component: {fileID: 4632959010238533271}
  m_Layer: 10
  m_Name: Paladin
  m_TagString: Untagged
  m_Icon: {fileID: 0}
  m_NavMeshLayer: 0
  m_StaticEditorFlags: 0
  m_IsActive: 1
--- !u!4 &4632959010238533268
Transform:
  m_ObjectHideFlags: 0
  m_CorrespondingSourceObject: {fileID: 0}
  m_PrefabInstance: {fileID: 0}
  m_PrefabAsset: {fileID: 0}
  m_GameObject: {fileID: 4632959010238533269}
  m_LocalRotation: {x: -0, y: -0, z: -0, w: 1}
  m_LocalPosition: {x: 0, y: -3.34, z: -1}
  m_LocalScale: {x: 1, y: 1, z: 1}
  m_Children:
  - {fileID: 4632959008939429141}
  - {fileID: 279384516832126108}
  m_Father: {fileID: 0}
  m_RootOrder: 0
  m_LocalEulerAnglesHint: {x: 0, y: 0, z: 0}
--- !u!114 &4632959010238533353
MonoBehaviour:
  m_ObjectHideFlags: 0
  m_CorrespondingSourceObject: {fileID: 0}
  m_PrefabInstance: {fileID: 0}
  m_PrefabAsset: {fileID: 0}
  m_GameObject: {fileID: 4632959010238533269}
  m_Enabled: 1
  m_EditorHideFlags: 0
  m_Script: {fileID: 11500000, guid: db351642fc91d8a44a6c1ab8a58ea342, type: 3}
  m_Name: 
  m_EditorClassIdentifier: 
  pool: 0
  destroyDelayTime: 0
  time:
    isActive: 1
    timeScale: 1
    timeScaleCached: 0
  selfTransform: {fileID: 0}
  state: 0
  hashCode: 0
  dataPlayer:
    prefabDead: {fileID: 5066534211747617063, guid: b91aa1a2f8c3b8b4497f3d852c18dc14,
      type: 3}
    transformView: {fileID: 4632959008939429141}
    speedUpPower: 1.7
    animator: {fileID: 9200917948920249859}
    curSpeed: 2
  curState: 1
--- !u!50 &4632959010238533271
Rigidbody2D:
  serializedVersion: 4
  m_ObjectHideFlags: 0
  m_CorrespondingSourceObject: {fileID: 0}
  m_PrefabInstance: {fileID: 0}
  m_PrefabAsset: {fileID: 0}
  m_GameObject: {fileID: 4632959010238533269}
  m_BodyType: 0
  m_Simulated: 1
  m_UseFullKinematicContacts: 0
  m_UseAutoMass: 0
  m_Mass: 1
  m_LinearDrag: 0
  m_AngularDrag: 0.05
  m_GravityScale: 1
  m_Material: {fileID: 0}
  m_Interpolate: 0
  m_SleepingMode: 1
  m_CollisionDetection: 0
  m_Constraints: 4
--- !u!1 &8746103938144414069
GameObject:
  m_ObjectHideFlags: 0
  m_CorrespondingSourceObject: {fileID: 0}
  m_PrefabInstance: {fileID: 0}
  m_PrefabAsset: {fileID: 0}
  serializedVersion: 6
  m_Component:
  - component: {fileID: 3154493132078350108}
  - component: {fileID: 3266168818266186338}
  m_Layer: 10
  m_Name: Shadow
  m_TagString: Untagged
  m_Icon: {fileID: 0}
  m_NavMeshLayer: 0
  m_StaticEditorFlags: 0
  m_IsActive: 1
--- !u!4 &3154493132078350108
Transform:
  m_ObjectHideFlags: 0
  m_CorrespondingSourceObject: {fileID: 0}
  m_PrefabInstance: {fileID: 0}
  m_PrefabAsset: {fileID: 0}
  m_GameObject: {fileID: 8746103938144414069}
  m_LocalRotation: {x: -0, y: -0, z: -0, w: 1}
  m_LocalPosition: {x: 0, y: 0, z: 0}
  m_LocalScale: {x: 0.140268, y: 0.0292225, z: 0}
  m_Children: []
  m_Father: {fileID: 4632959008939429141}
  m_RootOrder: 1
  m_LocalEulerAnglesHint: {x: 0, y: 0, z: 0}
--- !u!212 &3266168818266186338
SpriteRenderer:
  m_ObjectHideFlags: 0
  m_CorrespondingSourceObject: {fileID: 0}
  m_PrefabInstance: {fileID: 0}
  m_PrefabAsset: {fileID: 0}
  m_GameObject: {fileID: 8746103938144414069}
  m_Enabled: 1
  m_CastShadows: 0
  m_ReceiveShadows: 0
  m_DynamicOccludee: 1
  m_MotionVectors: 1
  m_LightProbeUsage: 1
  m_ReflectionProbeUsage: 1
  m_RenderingLayerMask: 1
  m_RendererPriority: 0
  m_Materials:
  - {fileID: 10754, guid: 0000000000000000f000000000000000, type: 0}
  m_StaticBatchInfo:
    firstSubMesh: 0
    subMeshCount: 0
  m_StaticBatchRoot: {fileID: 0}
  m_ProbeAnchor: {fileID: 0}
  m_LightProbeVolumeOverride: {fileID: 0}
  m_ScaleInLightmap: 1
  m_ReceiveGI: 1
  m_PreserveUVs: 0
  m_IgnoreNormalsForChartDetection: 0
  m_ImportantGI: 0
  m_StitchLightmapSeams: 0
  m_SelectedEditorRenderState: 0
  m_MinimumChartSize: 4
  m_AutoUVMaxDistance: 0.5
  m_AutoUVMaxAngle: 89
  m_LightmapParameters: {fileID: 0}
  m_SortingLayerID: 0
  m_SortingLayer: 0
  m_SortingOrder: 1
  m_Sprite: {fileID: 21300000, guid: 9afc2cfcf69ac3141affca5aeed569de, type: 3}
  m_Color: {r: 1, g: 1, b: 1, a: 1}
  m_FlipX: 0
  m_FlipY: 0
  m_DrawMode: 0
  m_Size: {x: 17.58, y: 12.62}
  m_AdaptiveModeThreshold: 0.5
  m_SpriteTileMode: 0
  m_WasSpriteAssigned: 1
  m_MaskInteraction: 0
  m_SpriteSortPoint: 0
--- !u!1001 &195430667548586947
PrefabInstance:
  m_ObjectHideFlags: 0
  serializedVersion: 2
  m_Modification:
    m_TransformParent: {fileID: 4632959008939429141}
    m_Modifications:
    - target: {fileID: 9009016783391903173, guid: cb29512e6ff56a1418c564a2613b9543,
        type: 3}
      propertyPath: m_Name
      value: Paladin_CTRL
      objectReference: {fileID: 0}
    - target: {fileID: 1572804182053371200, guid: cb29512e6ff56a1418c564a2613b9543,
        type: 3}
      propertyPath: transitionTo
      value: 
      objectReference: {fileID: 4632959010238533353}
    - target: {fileID: 1818481294206337731, guid: cb29512e6ff56a1418c564a2613b9543,
        type: 3}
      propertyPath: m_Enabled
      value: 0
      objectReference: {fileID: 0}
    - target: {fileID: 3285461103868815133, guid: cb29512e6ff56a1418c564a2613b9543,
        type: 3}
      propertyPath: m_Enabled
      value: 0
      objectReference: {fileID: 0}
    - target: {fileID: 4274037730614503057, guid: cb29512e6ff56a1418c564a2613b9543,
        type: 3}
      propertyPath: m_Enabled
      value: 0
      objectReference: {fileID: 0}
    - target: {fileID: 5466229140150215808, guid: cb29512e6ff56a1418c564a2613b9543,
        type: 3}
      propertyPath: m_Enabled
      value: 0
      objectReference: {fileID: 0}
    - target: {fileID: 5466229140449457787, guid: cb29512e6ff56a1418c564a2613b9543,
        type: 3}
      propertyPath: m_Enabled
      value: 0
      objectReference: {fileID: 0}
    - target: {fileID: 5466229140536566943, guid: cb29512e6ff56a1418c564a2613b9543,
        type: 3}
      propertyPath: m_Enabled
      value: 0
      objectReference: {fileID: 0}
    - target: {fileID: 5466229140995820050, guid: cb29512e6ff56a1418c564a2613b9543,
        type: 3}
      propertyPath: m_Enabled
      value: 0
      objectReference: {fileID: 0}
    - target: {fileID: 5466229141440213179, guid: cb29512e6ff56a1418c564a2613b9543,
        type: 3}
      propertyPath: m_Enabled
      value: 0
      objectReference: {fileID: 0}
    - target: {fileID: 9009016781961263296, guid: cb29512e6ff56a1418c564a2613b9543,
        type: 3}
      propertyPath: m_LocalPosition.x
      value: -0.24486327
      objectReference: {fileID: 0}
    - target: {fileID: 9009016781961263296, guid: cb29512e6ff56a1418c564a2613b9543,
        type: 3}
      propertyPath: m_LocalPosition.y
      value: -0.7323785
      objectReference: {fileID: 0}
    - target: {fileID: 9009016781961263297, guid: cb29512e6ff56a1418c564a2613b9543,
        type: 3}
      propertyPath: m_Enabled
      value: 0
      objectReference: {fileID: 0}
    - target: {fileID: 9009016781963194923, guid: cb29512e6ff56a1418c564a2613b9543,
        type: 3}
      propertyPath: m_LocalRotation.x
      value: -0.0000000072497697
      objectReference: {fileID: 0}
    - target: {fileID: 9009016781963194923, guid: cb29512e6ff56a1418c564a2613b9543,
        type: 3}
      propertyPath: m_LocalRotation.y
      value: 0.00000004151863
      objectReference: {fileID: 0}
    - target: {fileID: 9009016781963194923, guid: cb29512e6ff56a1418c564a2613b9543,
        type: 3}
      propertyPath: m_LocalRotation.z
      value: -0.8653043
      objectReference: {fileID: 0}
    - target: {fileID: 9009016781963194923, guid: cb29512e6ff56a1418c564a2613b9543,
        type: 3}
      propertyPath: m_LocalRotation.w
      value: -0.501247
      objectReference: {fileID: 0}
    - target: {fileID: 9009016781963195092, guid: cb29512e6ff56a1418c564a2613b9543,
        type: 3}
      propertyPath: m_Enabled
      value: 0
      objectReference: {fileID: 0}
    - target: {fileID: 9009016782052824893, guid: cb29512e6ff56a1418c564a2613b9543,
        type: 3}
      propertyPath: m_LocalRotation.x
      value: -0.000000035526252
      objectReference: {fileID: 0}
    - target: {fileID: 9009016782052824893, guid: cb29512e6ff56a1418c564a2613b9543,
        type: 3}
      propertyPath: m_LocalRotation.y
      value: -0.00000005828504
      objectReference: {fileID: 0}
    - target: {fileID: 9009016782052824893, guid: cb29512e6ff56a1418c564a2613b9543,
        type: 3}
      propertyPath: m_LocalRotation.z
      value: 0.68145674
      objectReference: {fileID: 0}
    - target: {fileID: 9009016782052824893, guid: cb29512e6ff56a1418c564a2613b9543,
        type: 3}
      propertyPath: m_LocalRotation.w
      value: -0.7318583
      objectReference: {fileID: 0}
    - target: {fileID: 9009016782052824894, guid: cb29512e6ff56a1418c564a2613b9543,
        type: 3}
      propertyPath: m_Enabled
      value: 0
      objectReference: {fileID: 0}
    - target: {fileID: 9009016782062074332, guid: cb29512e6ff56a1418c564a2613b9543,
        type: 3}
      propertyPath: m_LocalRotation.x
      value: 0.00000002975749
      objectReference: {fileID: 0}
    - target: {fileID: 9009016782062074332, guid: cb29512e6ff56a1418c564a2613b9543,
        type: 3}
      propertyPath: m_LocalRotation.y
      value: -0.000000029847087
      objectReference: {fileID: 0}
    - target: {fileID: 9009016782062074332, guid: cb29512e6ff56a1418c564a2613b9543,
        type: 3}
      propertyPath: m_LocalRotation.z
      value: 0.8150569
      objectReference: {fileID: 0}
    - target: {fileID: 9009016782062074332, guid: cb29512e6ff56a1418c564a2613b9543,
        type: 3}
      propertyPath: m_LocalRotation.w
      value: 0.5793809
      objectReference: {fileID: 0}
    - target: {fileID: 9009016782062074333, guid: cb29512e6ff56a1418c564a2613b9543,
        type: 3}
      propertyPath: m_Enabled
      value: 0
      objectReference: {fileID: 0}
    - target: {fileID: 9009016782115144197, guid: cb29512e6ff56a1418c564a2613b9543,
        type: 3}
      propertyPath: m_Enabled
      value: 0
      objectReference: {fileID: 0}
    - target: {fileID: 9009016782410207410, guid: cb29512e6ff56a1418c564a2613b9543,
        type: 3}
      propertyPath: m_LocalRotation.x
      value: -0.000000042139785
      objectReference: {fileID: 0}
    - target: {fileID: 9009016782410207410, guid: cb29512e6ff56a1418c564a2613b9543,
        type: 3}
      propertyPath: m_LocalRotation.y
      value: -7.716034e-10
      objectReference: {fileID: 0}
    - target: {fileID: 9009016782410207410, guid: cb29512e6ff56a1418c564a2613b9543,
        type: 3}
      propertyPath: m_LocalRotation.z
      value: -0.15356916
      objectReference: {fileID: 0}
    - target: {fileID: 9009016782410207410, guid: cb29512e6ff56a1418c564a2613b9543,
        type: 3}
      propertyPath: m_LocalPosition.x
      value: 0.18423523
      objectReference: {fileID: 0}
    - target: {fileID: 9009016782410207410, guid: cb29512e6ff56a1418c564a2613b9543,
        type: 3}
      propertyPath: m_LocalPosition.y
      value: 0.5784127
      objectReference: {fileID: 0}
    - target: {fileID: 9009016782410207411, guid: cb29512e6ff56a1418c564a2613b9543,
        type: 3}
      propertyPath: m_Enabled
      value: 0
      objectReference: {fileID: 0}
    - target: {fileID: 9009016782700154079, guid: cb29512e6ff56a1418c564a2613b9543,
        type: 3}
      propertyPath: m_LocalPosition.x
      value: 0.57680583
      objectReference: {fileID: 0}
    - target: {fileID: 9009016782700154079, guid: cb29512e6ff56a1418c564a2613b9543,
        type: 3}
      propertyPath: m_LocalPosition.y
      value: -0.7945124
      objectReference: {fileID: 0}
    - target: {fileID: 9009016782835222966, guid: cb29512e6ff56a1418c564a2613b9543,
        type: 3}
      propertyPath: m_LocalRotation.x
      value: -0.000000019343663
      objectReference: {fileID: 0}
    - target: {fileID: 9009016782835222966, guid: cb29512e6ff56a1418c564a2613b9543,
        type: 3}
      propertyPath: m_LocalRotation.z
      value: -0.9520597
      objectReference: {fileID: 0}
    - target: {fileID: 9009016782835222966, guid: cb29512e6ff56a1418c564a2613b9543,
        type: 3}
      propertyPath: m_LocalRotation.w
      value: 0.30591255
      objectReference: {fileID: 0}
    - target: {fileID: 9009016782835222966, guid: cb29512e6ff56a1418c564a2613b9543,
        type: 3}
      propertyPath: m_LocalRotation.y
      value: 0.000000037445687
      objectReference: {fileID: 0}
    - target: {fileID: 9009016782835222967, guid: cb29512e6ff56a1418c564a2613b9543,
        type: 3}
      propertyPath: m_Enabled
      value: 0
      objectReference: {fileID: 0}
    - target: {fileID: 9009016783015198583, guid: cb29512e6ff56a1418c564a2613b9543,
        type: 3}
      propertyPath: m_LocalPosition.x
      value: -1.9309213
      objectReference: {fileID: 0}
    - target: {fileID: 9009016783015198583, guid: cb29512e6ff56a1418c564a2613b9543,
        type: 3}
      propertyPath: m_LocalPosition.y
      value: -0.005037344
      objectReference: {fileID: 0}
    - target: {fileID: 9009016783065882772, guid: cb29512e6ff56a1418c564a2613b9543,
        type: 3}
      propertyPath: m_Enabled
      value: 0
      objectReference: {fileID: 0}
    - target: {fileID: 9009016783065882859, guid: cb29512e6ff56a1418c564a2613b9543,
        type: 3}
      propertyPath: m_LocalRotation.x
      value: 1.7763568e-14
      objectReference: {fileID: 0}
    - target: {fileID: 9009016783065882859, guid: cb29512e6ff56a1418c564a2613b9543,
        type: 3}
      propertyPath: m_LocalRotation.y
      value: 1.5099033e-14
      objectReference: {fileID: 0}
    - target: {fileID: 9009016783065882859, guid: cb29512e6ff56a1418c564a2613b9543,
        type: 3}
      propertyPath: m_LocalRotation.z
      value: 0.31966957
      objectReference: {fileID: 0}
    - target: {fileID: 9009016783065882859, guid: cb29512e6ff56a1418c564a2613b9543,
        type: 3}
      propertyPath: m_LocalRotation.w
      value: 0.94752914
      objectReference: {fileID: 0}
    - target: {fileID: 9009016783139249481, guid: cb29512e6ff56a1418c564a2613b9543,
        type: 3}
      propertyPath: m_LocalRotation.x
      value: -3.5527137e-15
      objectReference: {fileID: 0}
    - target: {fileID: 9009016783139249481, guid: cb29512e6ff56a1418c564a2613b9543,
        type: 3}
      propertyPath: m_LocalRotation.y
      value: 8.881784e-16
      objectReference: {fileID: 0}
    - target: {fileID: 9009016783139249481, guid: cb29512e6ff56a1418c564a2613b9543,
        type: 3}
      propertyPath: m_LocalRotation.z
      value: 0.9666991
      objectReference: {fileID: 0}
    - target: {fileID: 9009016783139249481, guid: cb29512e6ff56a1418c564a2613b9543,
        type: 3}
      propertyPath: m_LocalRotation.w
      value: -0.25591576
      objectReference: {fileID: 0}
    - target: {fileID: 9009016783139249482, guid: cb29512e6ff56a1418c564a2613b9543,
        type: 3}
      propertyPath: m_Enabled
      value: 0
      objectReference: {fileID: 0}
    - target: {fileID: 9009016783248157826, guid: cb29512e6ff56a1418c564a2613b9543,
        type: 3}
      propertyPath: m_LocalRotation.x
      value: 0.000000042112493
      objectReference: {fileID: 0}
    - target: {fileID: 9009016783248157826, guid: cb29512e6ff56a1418c564a2613b9543,
        type: 3}
      propertyPath: m_LocalRotation.y
      value: 0.000000001701348
      objectReference: {fileID: 0}
    - target: {fileID: 9009016783248157826, guid: cb29512e6ff56a1418c564a2613b9543,
        type: 3}
      propertyPath: m_LocalRotation.z
      value: -0.70454866
      objectReference: {fileID: 0}
    - target: {fileID: 9009016783248157826, guid: cb29512e6ff56a1418c564a2613b9543,
        type: 3}
      propertyPath: m_LocalRotation.w
      value: 0.70965564
      objectReference: {fileID: 0}
    - target: {fileID: 9009016783248157827, guid: cb29512e6ff56a1418c564a2613b9543,
        type: 3}
      propertyPath: m_Enabled
      value: 0
      objectReference: {fileID: 0}
    - target: {fileID: 9009016783391903174, guid: cb29512e6ff56a1418c564a2613b9543,
        type: 3}
      propertyPath: BonesVisiblity
      value: 0
      objectReference: {fileID: 0}
    - target: {fileID: 9009016783391903175, guid: cb29512e6ff56a1418c564a2613b9543,
        type: 3}
      propertyPath: m_LocalPosition.x
      value: 0
      objectReference: {fileID: 0}
    - target: {fileID: 9009016783391903175, guid: cb29512e6ff56a1418c564a2613b9543,
        type: 3}
      propertyPath: m_LocalPosition.y
      value: 1.447
      objectReference: {fileID: 0}
    - target: {fileID: 9009016783391903175, guid: cb29512e6ff56a1418c564a2613b9543,
        type: 3}
      propertyPath: m_LocalPosition.z
      value: 0
      objectReference: {fileID: 0}
    - target: {fileID: 9009016783391903175, guid: cb29512e6ff56a1418c564a2613b9543,
        type: 3}
      propertyPath: m_LocalRotation.x
      value: 0
      objectReference: {fileID: 0}
    - target: {fileID: 9009016783391903175, guid: cb29512e6ff56a1418c564a2613b9543,
        type: 3}
      propertyPath: m_LocalRotation.y
      value: 0
      objectReference: {fileID: 0}
    - target: {fileID: 9009016783391903175, guid: cb29512e6ff56a1418c564a2613b9543,
        type: 3}
      propertyPath: m_LocalRotation.z
      value: 0
      objectReference: {fileID: 0}
    - target: {fileID: 9009016783391903175, guid: cb29512e6ff56a1418c564a2613b9543,
        type: 3}
      propertyPath: m_LocalRotation.w
      value: 1
      objectReference: {fileID: 0}
    - target: {fileID: 9009016783391903175, guid: cb29512e6ff56a1418c564a2613b9543,
        type: 3}
      propertyPath: m_RootOrder
      value: 0
      objectReference: {fileID: 0}
    - target: {fileID: 9009016783391903175, guid: cb29512e6ff56a1418c564a2613b9543,
        type: 3}
      propertyPath: m_LocalEulerAnglesHint.x
      value: 0
      objectReference: {fileID: 0}
    - target: {fileID: 9009016783391903175, guid: cb29512e6ff56a1418c564a2613b9543,
        type: 3}
      propertyPath: m_LocalEulerAnglesHint.y
      value: 0
      objectReference: {fileID: 0}
    - target: {fileID: 9009016783391903175, guid: cb29512e6ff56a1418c564a2613b9543,
        type: 3}
      propertyPath: m_LocalEulerAnglesHint.z
      value: 0
      objectReference: {fileID: 0}
    - target: {fileID: 9009016783509495094, guid: cb29512e6ff56a1418c564a2613b9543,
        type: 3}
      propertyPath: m_LocalRotation.x
      value: 0.0000000385971
      objectReference: {fileID: 0}
    - target: {fileID: 9009016783509495094, guid: cb29512e6ff56a1418c564a2613b9543,
        type: 3}
      propertyPath: m_LocalRotation.y
      value: 0.00000001692984
      objectReference: {fileID: 0}
    - target: {fileID: 9009016783509495094, guid: cb29512e6ff56a1418c564a2613b9543,
        type: 3}
      propertyPath: m_LocalRotation.z
      value: 0.28072834
      objectReference: {fileID: 0}
    - target: {fileID: 9009016783509495094, guid: cb29512e6ff56a1418c564a2613b9543,
        type: 3}
      propertyPath: m_LocalRotation.w
      value: 0.9597873
      objectReference: {fileID: 0}
    - target: {fileID: 9009016783509495095, guid: cb29512e6ff56a1418c564a2613b9543,
        type: 3}
      propertyPath: m_Enabled
      value: 0
      objectReference: {fileID: 0}
    - target: {fileID: 9009016783635152208, guid: cb29512e6ff56a1418c564a2613b9543,
        type: 3}
      propertyPath: m_Enabled
      value: 0
      objectReference: {fileID: 0}
    - target: {fileID: 9009016783635152215, guid: cb29512e6ff56a1418c564a2613b9543,
        type: 3}
      propertyPath: m_LocalRotation.x
      value: 0.000000016981922
      objectReference: {fileID: 0}
    - target: {fileID: 9009016783635152215, guid: cb29512e6ff56a1418c564a2613b9543,
        type: 3}
      propertyPath: m_LocalRotation.y
      value: 0.000000038574232
      objectReference: {fileID: 0}
    - target: {fileID: 9009016783635152215, guid: cb29512e6ff56a1418c564a2613b9543,
        type: 3}
      propertyPath: m_LocalRotation.z
      value: -0.9981201
      objectReference: {fileID: 0}
    - target: {fileID: 9009016783635152215, guid: cb29512e6ff56a1418c564a2613b9543,
        type: 3}
      propertyPath: m_LocalRotation.w
      value: -0.06128924
      objectReference: {fileID: 0}
    - target: {fileID: 9009016783732156795, guid: cb29512e6ff56a1418c564a2613b9543,
        type: 3}
      propertyPath: m_LocalPosition.x
      value: 0.8968598
      objectReference: {fileID: 0}
    - target: {fileID: 9009016783732156795, guid: cb29512e6ff56a1418c564a2613b9543,
        type: 3}
      propertyPath: m_LocalPosition.z
      value: 0
      objectReference: {fileID: 0}
    - target: {fileID: 9009016783771129778, guid: cb29512e6ff56a1418c564a2613b9543,
        type: 3}
      propertyPath: m_Enabled
      value: 0
      objectReference: {fileID: 0}
    - target: {fileID: 9009016783771129779, guid: cb29512e6ff56a1418c564a2613b9543,
        type: 3}
      propertyPath: m_LocalRotation.x
      value: 0.000000042139785
      objectReference: {fileID: 0}
    - target: {fileID: 9009016783771129779, guid: cb29512e6ff56a1418c564a2613b9543,
        type: 3}
      propertyPath: m_LocalRotation.y
      value: 7.7160334e-10
      objectReference: {fileID: 0}
    - target: {fileID: 9009016783771129779, guid: cb29512e6ff56a1418c564a2613b9543,
        type: 3}
      propertyPath: m_LocalRotation.z
      value: 0.15356916
      objectReference: {fileID: 0}
    - target: {fileID: 9009016783771129779, guid: cb29512e6ff56a1418c564a2613b9543,
        type: 3}
      propertyPath: m_LocalPosition.x
      value: 0.000000059604645
      objectReference: {fileID: 0}
    - target: {fileID: 9009016783771129779, guid: cb29512e6ff56a1418c564a2613b9543,
        type: 3}
      propertyPath: m_LocalPosition.y
      value: 0.7804867
      objectReference: {fileID: 0}
    - target: {fileID: 9009016783771129779, guid: cb29512e6ff56a1418c564a2613b9543,
        type: 3}
      propertyPath: m_LocalPosition.z
      value: 0.00000006481384
      objectReference: {fileID: 0}
    - target: {fileID: 9009016783846077012, guid: cb29512e6ff56a1418c564a2613b9543,
        type: 3}
      propertyPath: m_Enabled
      value: 0
      objectReference: {fileID: 0}
    m_RemovedComponents: []
  m_SourcePrefab: {fileID: 100100000, guid: cb29512e6ff56a1418c564a2613b9543, type: 3}
--- !u!4 &9200917948920249860 stripped
Transform:
  m_CorrespondingSourceObject: {fileID: 9009016783391903175, guid: cb29512e6ff56a1418c564a2613b9543,
    type: 3}
  m_PrefabInstance: {fileID: 195430667548586947}
  m_PrefabAsset: {fileID: 0}
--- !u!95 &9200917948920249859 stripped
Animator:
  m_CorrespondingSourceObject: {fileID: 9009016783391903168, guid: cb29512e6ff56a1418c564a2613b9543,
    type: 3}
  m_PrefabInstance: {fileID: 195430667548586947}
  m_PrefabAsset: {fileID: 0}
